@book{PDFExplained,
 author = {Whitington, J.},
 title = {PDF Explained, Chapter 3. File Structure},
 year = {2011},
 isbn = {9781449310028},
 publisher = {O'Reilly Media, Inc.},
 address = {Sebastopol, Kalifornie, USA},
} 

@online{PDFTechTerms,
author = {Christenssion, P.},
title = {PDF Definition},
publisher = {TechTerms. Sharpened Productions},
year = {2018},
 cited = {15.03.2019},
note = {The Tech Terms Dictionary},
url = {https://techterms.com/definition/pdf}
}